@BachelorsThesis{bibtex,
    author = "Py\v{s}n\'{y}, Radek",
    title = "BiBTeX styl pro \v{C}SN ISO 690 a \v{C}SN ISO 690-2",
    school = "Vysok\'{e} u\v{C}en\'{i} technick\'{e} v Brn\v{e}, Fakulta informa\v{c}n\'{i}ch technologi\'{i}",
    address = "Brno",
    year = "2013"
}

@Book{analyza_a_aplikace,
    title = "Cellular Automata: Analysis and Applications",
    author = "Karl-Peter Hadeler, Johannes Müller",
    publisher = "Springer",
    edition = "1",
    isbn = "9783319530437; 3319530437",
    year = "2017"
}

@Book{celularni_automaty,
    title = "Cellular Automata: A Volume in the Encyclopedia of Complexity and Systems Science, Second Edition",
    author = "Andrew Adamatzky",
    publisher = "Springer",
    isbn = "9781493986996; 1493986996; 9781493987009; 1493987003",
    year = "2018",
    series = "Encyclopedia of Complexity and Systems Science",
    edition = "1st ed."
}

@BachelorsThesis{bakalarka,
    title =  "Vyu\v{z}it\'{i} celul\'{a}rn\'{i}ch automatů pro \v{s}ifrov\'{a}n\'{i} dat",
    author = "Dvo\v{r}\'{a}k, Martin",
    school = "Univerzika Karlova, Matematicko-fyzik\'{a}ln\'{i} fakulta",
    address = "Praha",
    year = "2017"
}

@MastersThesis{diplomka,
    author = "Fiala, Tom\'{a}\v{s}",
    title = "Celul\'{a}rn\'{i} automaty",
    school = "OSTRAVSK\'{A} UNIVERZITA V OSTRAV\v{E}, P\v{r}\'{i}rodov\v{e}deck\'{a} fakulta",
    address = "Ostrava",
    year = "2008"
}

@Article{article_scientific_american,
    author = "Gardner, Martin",
    title = "The fantastic combinations of John Conway's new solitaire game 'life'",
    journal = "Scientific American",
    volume = "223",
    number = "4",
    pages = "120-123",
    year = "1970",
    edition = "1",
    url = "https://www.ibiblio.org/lifepatterns/october1970.html"
}

% https://ieeexplore.ieee.org/document/6945867
@Article{article_automated_design,
    author = "Vassilios A. Mardiris; Georgios Ch. Sirakoulis; Ioannis G. Karafyllidis",
    title = "Automated Design Architecture for 1-D Cellular Automata Using Quantum Cellular Automata",
    journal = "IEEE Transactions on Computers",
    volume = "64",
    issue = "9",
    pages = "2476-2489",
    number = "1",
    edition = "1",
    year = "2015"
}

@Misc{casopis,
    author = "Wolfram, Stephen",
    title = "Universality and complexity in cellular automata",
    year = "1984",
    doi = "10.1016/0167-2789(84)90245-8"
}

@Misc{pravidla,
    author = "Gregg, Chris",
    title = "Assignment 1: The Game of Life",
    year = "2017",
    howpublished = "online",
    cited = "2024-04-16",
    url = "https://web.stanford.edu/class/archive/cs/cs106b/cs106b.1176/assn/life.html"
}

@Misc{online_gol,
    author = "Schatten, Alexander",
    title = "Cellular Automata Tutorial",
    year = "2008",
    howpublished = "online",
    cited = "2024-04-16",
    url = "https://www.schatten.info/resources_ca.html"
}


@Misc{online_ca,
    author = "Awati, Rahul",
    title = "cellular automaton (CA)",
    year = "2021",
    howpublished = "online",
    cited = "2024-04-16",
    url = "https://www.techtarget.com/searchenterprisedesktop/definition/cellular-automaton"
}
